<?xml version="1.0" encoding="UTF-8"?><collection xmlns="http://www.loc.gov/MARC21/slim"><record><leader>00477nam--2200145-i-4500</leader><controlfield tag="001">000001624</controlfield><controlfield tag="002">20161230</controlfield><controlfield tag="005">20161230201024</controlfield><controlfield tag="008">060222s1000------------r-----000-0-eng-d</controlfield><datafield ind1=" " ind2=" " tag="080"><subfield code="a">517.43</subfield></datafield><datafield ind1=" " ind2=" " tag="100"><subfield code="a">Gohberg, I.C., Krejn, M.G</subfield></datafield><datafield ind1=" " ind2=" " tag="245"><subfield code="a">Introduction a la theorie des operateurs lineaires non auto-adjoints dans un espace hilbertien.traduit par guy roos</subfield></datafield><datafield ind1=" " ind2=" " tag="260"><subfield code="a">Paris, Dunod, 1971. Xix + 372 P</subfield></datafield><datafield ind1=" " ind2=" " tag="490"><subfield code="a">Monographies Universitaires De Mathematiques</subfield></datafield><datafield ind1=" " ind2=" " tag="852"><subfield code="a">14825</subfield></datafield></record></collection>